

@article{DBLP:journals/iacr/Semaev04,
  author    = {Igor A. Semaev},
  title     = {{Summation polynomials and the discrete logarithm problem on elliptic
               curves}},
  journal   = {{IACR} Cryptology ePrint Archive},
  volume    = {2004},
  pages     = {31},
  year      = {2004},
  url       = {http://eprint.iacr.org/2004/031},
  timestamp = {Thu, 08 Jun 2017 14:26:45 +0200},
  biburl    = {http://dblp.uni-trier.de/rec/bib/journals/iacr/Semaev04},
  bibsource = {dblp computer science bibliography, http://dblp.org}
}


@article{DBLP:journals/jsc/Gaudry09,
  author    = {Pierrick Gaudry},
  title     = {{Index calculus for abelian varieties of small dimension and the elliptic
               curve discrete logarithm problem}},
  journal   = {J. Symb. Comput.},
  volume    = {44},
  number    = {12},
  pages     = {1690--1702},
  year      = {2009},
  url       = {https://doi.org/10.1016/j.jsc.2008.08.005},
  doi       = {10.1016/j.jsc.2008.08.005},
  timestamp = {Wed, 17 May 2017 14:25:48 +0200},
  biburl    = {http://dblp.uni-trier.de/rec/bib/journals/jsc/Gaudry09},
  bibsource = {dblp computer science bibliography, http://dblp.org}
}


@article{DBLP:journals/moc/Diem11,
  author    = {Claus Diem},
  title     = {{On the discrete logarithm problem in class groups of curves}},
  journal   = {Math. Comput.},
  volume    = {80},
  number    = {273},
  pages     = {443--475},
  year      = {2011},
  url       = {https://doi.org/10.1090/S0025-5718-2010-02281-1},
  doi       = {10.1090/S0025-5718-2010-02281-1},
  timestamp = {Sun, 28 May 2017 13:23:41 +0200},
  biburl    = {http://dblp.uni-trier.de/rec/bib/journals/moc/Diem11},
  bibsource = {dblp computer science bibliography, http://dblp.org}
}


@inproceedings{DBLP:conf/eurocrypt/FaugerePPR12,
  author    = {Jean{-}Charles Faug{\`{e}}re and
               Ludovic Perret and
               Christophe Petit and
               Gu{\&apos;{e}}na{\&quot;{e}}l Renault},
  title     = {{Improving the Complexity of Index Calculus Algorithms in Elliptic
               Curves over Binary Fields}},
  booktitle = {{Advances in Cryptology - {EUROCRYPT} 2012 - 31st Annual International  Conference on the Theory and Applications of Cryptographic Techniques,  Cambridge, UK, April 15-19, 2012. Proceedings}},
  pages     = {27--44},
  year      = {2012},
  publisher = {{Springer}},
  url       = {https://doi.org/10.1007/978-3-642-29011-4_4},
  doi       = {10.1007/978-3-642-29011-4_4},
  timestamp = {Fri, 02 Jun 2017 20:52:11 +0200},
  biburl    = {http://dblp.uni-trier.de/rec/bib/conf/eurocrypt/FaugerePPR12},
  bibsource = {dblp computer science bibliography, http://dblp.org}
}


@article{DBLP:journals/iacr/PetitQ12,
  author    = {Christophe Petit and
               Jean{-}Jacques Quisquater},
  title     = {{On Polynomial Systems Arising from a Weil Descent}},
  journal   = {{IACR} Cryptology ePrint Archive},
  volume    = {2012},
  pages     = {146},
  year      = {2012},
  url       = {http://eprint.iacr.org/2012/146},
  timestamp = {Wed, 19 Jul 2017 17:25:06 +0200},
  biburl    = {http://dblp.uni-trier.de/rec/bib/journals/iacr/PetitQ12},
  bibsource = {dblp computer science bibliography, http://dblp.org}
}


@inproceedings{DBLP:conf/iwsec/HuangPST13,
  author    = {Yun{-}Ju Huang and
               Christophe Petit and
               Naoyuki Shinohara and
               Tsuyoshi Takagi},
  title     = {{Improvement of Faug{\`{e}}re et al.'s Method to Solve {ECDLP}}},
  booktitle = {{Advances in Information and Computer Security - 8th International  Workshop on Security, {IWSEC} 2013, Okinawa, Japan, November 18-20,  2013, Proceedings}},
  pages     = {115--132},
  year      = {2013},
  publisher = {{Springer}},
  url       = {https://doi.org/10.1007/978-3-642-41383-4_8},
  doi       = {10.1007/978-3-642-41383-4_8},
  timestamp = {Sun, 04 Jun 2017 10:04:00 +0200},
  biburl    = {http://dblp.uni-trier.de/rec/bib/conf/iwsec/HuangPST13},
  bibsource = {dblp computer science bibliography, http://dblp.org}
}


@inproceedings{DBLP:conf/ches/Smart01,
  author    = {Nigel P. Smart},
  title     = {{The Hessian Form of an Elliptic Curve}},
  booktitle = {{Cryptographic Hardware and Embedded Systems - {CHES} 2001, Third International  Workshop, Paris, France, May 14-16, 2001, Proceedings}},
  number    = {Generators},
  pages     = {118--125},
  year      = {2001},
  publisher = {{Springer}},
  url       = {https://doi.org/10.1007/3-540-44709-1_11},
  doi       = {10.1007/3-540-44709-1_11},
  timestamp = {Fri, 26 May 2017 14:09:14 +0200},
  biburl    = {http://dblp.uni-trier.de/rec/bib/conf/ches/Smart01},
  bibsource = {dblp computer science bibliography, http://dblp.org}
}


@article{DBLP:journals/iacr/BernsteinL07,
  author    = {Daniel J. Bernstein and
               Tanja Lange},
  title     = {{Faster addition and doubling on elliptic curves}},
  journal   = {{IACR} Cryptology ePrint Archive},
  volume    = {2007},
  pages     = {286},
  year      = {2007},
  url       = {http://eprint.iacr.org/2007/286},
  timestamp = {Thu, 08 Jun 2017 14:26:39 +0200},
  biburl    = {http://dblp.uni-trier.de/rec/bib/journals/iacr/BernsteinL07},
  bibsource = {dblp computer science bibliography, http://dblp.org}
}


@article{DBLP:journals/iacr/BernsteinBJLP08,
  author    = {Daniel J. Bernstein and
               Peter Birkner and
               Marc Joye and
               Tanja Lange and
               Christiane Peters},
  title     = {{Twisted Edwards Curves}},
  journal   = {{IACR} Cryptology ePrint Archive},
  volume    = {2008},
  pages     = {13},
  year      = {2008},
  url       = {http://eprint.iacr.org/2008/013},
  timestamp = {Thu, 08 Jun 2017 14:26:45 +0200},
  biburl    = {http://dblp.uni-trier.de/rec/bib/journals/iacr/BernsteinBJLP08},
  bibsource = {dblp computer science bibliography, http://dblp.org}
}


@article{DBLP:journals/dcc/GalbraithG16,
  author    = {Steven D. Galbraith and
               Pierrick Gaudry},
  title     = {{Recent progress on the elliptic curve discrete logarithm problem}},
  journal   = {Des. Codes Cryptography},
  volume    = {78},
  number    = {1},
  pages     = {51--72},
  year      = {2016},
  url       = {https://doi.org/10.1007/s10623-015-0146-7},
  doi       = {10.1007/s10623-015-0146-7},
  timestamp = {Wed, 14 Jun 2017 20:30:52 +0200},
  biburl    = {http://dblp.uni-trier.de/rec/bib/journals/dcc/GalbraithG16},
  bibsource = {dblp computer science bibliography, http://dblp.org}
}


@inproceedings{DBLP:conf/pkc/Bernstein06,
  author    = {Daniel J. Bernstein},
  title     = {{Curve25519: New Diffie-Hellman Speed Records}},
  booktitle = {{Public Key Cryptography - {PKC} 2006, 9th International Conference  on Theory and Practice of Public-Key Cryptography, New York, NY, USA,  April 24-26, 2006, Proceedings}},
  pages     = {207--228},
  year      = {2006},
  publisher = {{Springer}},
  url       = {https://doi.org/10.1007/11745853_14},
  doi       = {10.1007/11745853_14},
  timestamp = {Tue, 30 May 2017 16:36:52 +0200},
  biburl    = {http://dblp.uni-trier.de/rec/bib/conf/pkc/Bernstein06},
  bibsource = {dblp computer science bibliography, http://dblp.org}
}


@inproceedings{DBLP:conf/crypto/BaileyP98,
  author    = {Daniel V. Bailey and
               Christof Paar},
  title     = {{Optimal Extension Fields for Fast Arithmetic in Public-Key Algorithms}},
  booktitle = {{Advances in Cryptology - {CRYPTO} '98, 18th Annual International Cryptology  Conference, Santa Barbara, California, USA, August 23-27, 1998, Proceedings}},
  pages     = {472--485},
  year      = {1998},
  publisher = {{Springer}},
  url       = {https://doi.org/10.1007/BFb0055748},
  doi       = {10.1007/BFb0055748},
  timestamp = {Tue, 23 May 2017 11:53:59 +0200},
  biburl    = {http://dblp.uni-trier.de/rec/bib/conf/crypto/BaileyP98},
  bibsource = {dblp computer science bibliography, http://dblp.org}
}


@article{DBLP:journals/joc/FaugereGHR14,
  author    = {Jean{-}Charles Faug{\`{e}}re and
               Pierrick Gaudry and
               Louise Huot and
               Gu{\&apos;{e}}na{\&quot;{e}}l Renault},
  title     = {{Using Symmetries in the Index Calculus for Elliptic Curves Discrete
               Logarithm}},
  journal   = {J. Cryptology},
  volume    = {27},
  number    = {4},
  pages     = {595--635},
  year      = {2014},
  url       = {https://doi.org/10.1007/s00145-013-9158-5},
  doi       = {10.1007/s00145-013-9158-5},
  timestamp = {Thu, 18 May 2017 09:52:09 +0200},
  biburl    = {http://dblp.uni-trier.de/rec/bib/journals/joc/FaugereGHR14},
  bibsource = {dblp computer science bibliography, http://dblp.org}
}


@inproceedings{DBLP:conf/indocrypt/GalbraithG14,
  author    = {Steven D. Galbraith and
               Shishay W. Gebregiyorgis},
  title     = {{Summation Polynomial Algorithms for Elliptic Curves in Characteristic
               Two}},
  booktitle = {{Progress in Cryptology - {INDOCRYPT} 2014 - 15th International Conference  on Cryptology in India, New Delhi, India, December 14-17, 2014, Proceedings}},
  pages     = {409--427},
  year      = {2014},
  publisher = {{Springer}},
  url       = {https://doi.org/10.1007/978-3-319-13039-2_24},
  doi       = {10.1007/978-3-319-13039-2_24},
  timestamp = {Thu, 15 Jun 2017 21:45:23 +0200},
  biburl    = {http://dblp.uni-trier.de/rec/bib/conf/indocrypt/GalbraithG14},
  bibsource = {dblp computer science bibliography, http://dblp.org}
}
