

@article{DBLP:journals/iacr/Semaev04,
  author    = {Igor A. Semaev},
  title     = {{Summation polynomials and the discrete logarithm problem on elliptic
               curves}},
  journal   = {{IACR} Cryptology ePrint Archive},
  volume    = {2004},
  pages     = {31},
  year      = {2004},
  url       = {http://eprint.iacr.org/2004/031},
  timestamp = {Fri, 18 Dec 2015 15:31:07 +0100},
  biburl    = {http://dblp.uni-trier.de/rec/bib/journals/iacr/Semaev04},
  bibsource = {dblp computer science bibliography, http://dblp.org}
}


@article{DBLP:journals/jsc/Gaudry09,
  author    = {Pierrick Gaudry},
  title     = {{Index calculus for abelian varieties of small dimension and the elliptic
               curve discrete logarithm problem}},
  journal   = {J. Symb. Comput.},
  volume    = {44},
  number    = {12},
  pages     = {1690--1702},
  year      = {2009},
  url       = {http://dx.doi.org/10.1016/j.jsc.2008.08.005},
  doi       = {10.1016/j.jsc.2008.08.005},
  timestamp = {Tue, 12 Jan 2010 14:33:21 +0100},
  biburl    = {http://dblp.uni-trier.de/rec/bib/journals/jsc/Gaudry09},
  bibsource = {dblp computer science bibliography, http://dblp.org}
}


@article{DBLP:journals/moc/Diem11,
  author    = {Claus Diem},
  title     = {{On the discrete logarithm problem in class groups of curves}},
  journal   = {Math. Comput.},
  volume    = {80},
  number    = {273},
  pages     = {443--475},
  year      = {2011},
  url       = {http://dx.doi.org/10.1090/S0025-5718-2010-02281-1},
  doi       = {10.1090/S0025-5718-2010-02281-1},
  timestamp = {Wed, 16 Mar 2011 12:55:06 +0100},
  biburl    = {http://dblp.uni-trier.de/rec/bib/journals/moc/Diem11},
  bibsource = {dblp computer science bibliography, http://dblp.org}
}


@inproceedings{DBLP:conf/eurocrypt/FaugerePPR12,
  author    = {Jean{-}Charles Faug{\`{e}}re and
               Ludovic Perret and
               Christophe Petit and
               Gu{\&apos;{e}}na{\&quot;{e}}l Renault},
  title     = {{Improving the Complexity of Index Calculus Algorithms in Elliptic
               Curves over Binary Fields}},
  booktitle = {{Advances in Cryptology - {EUROCRYPT} 2012 - 31st Annual International  Conference on the Theory and Applications of Cryptographic Techniques,  Cambridge, UK, April 15-19, 2012. Proceedings}},
  pages     = {27--44},
  year      = {2012},
  publisher = {{Springer}},
  url       = {http://dx.doi.org/10.1007/978-3-642-29011-4_4},
  doi       = {10.1007/978-3-642-29011-4_4},
  timestamp = {Mon, 18 Jan 2016 17:00:14 +0100},
  biburl    = {http://dblp.uni-trier.de/rec/bib/conf/eurocrypt/FaugerePPR12},
  bibsource = {dblp computer science bibliography, http://dblp.org}
}


@article{DBLP:journals/iacr/PetitQ12,
  author    = {Christophe Petit and
               Jean{-}Jacques Quisquater},
  title     = {{On Polynomial Systems Arising from a Weil Descent}},
  journal   = {{IACR} Cryptology ePrint Archive},
  volume    = {2012},
  pages     = {146},
  year      = {2012},
  url       = {http://eprint.iacr.org/2012/146},
  timestamp = {Tue, 08 Jan 2013 12:11:44 +0100},
  biburl    = {http://dblp.uni-trier.de/rec/bib/journals/iacr/PetitQ12},
  bibsource = {dblp computer science bibliography, http://dblp.org}
}


@inproceedings{DBLP:conf/iwsec/HuangPST13,
  author    = {Yun{-}Ju Huang and
               Christophe Petit and
               Naoyuki Shinohara and
               Tsuyoshi Takagi},
  title     = {{Improvement of Faug{\`{e}}re et al.'s Method to Solve {ECDLP}}},
  booktitle = {{Advances in Information and Computer Security - 8th International  Workshop on Security, {IWSEC} 2013, Okinawa, Japan, November 18-20,  2013, Proceedings}},
  pages     = {115--132},
  year      = {2013},
  publisher = {{Springer}},
  url       = {http://dx.doi.org/10.1007/978-3-642-41383-4_8},
  doi       = {10.1007/978-3-642-41383-4_8},
  timestamp = {Tue, 10 Dec 2013 15:24:48 +0100},
  biburl    = {http://dblp.uni-trier.de/rec/bib/conf/iwsec/HuangPST13},
  bibsource = {dblp computer science bibliography, http://dblp.org}
}


@inproceedings{DBLP:conf/crypto/BaileyP98,
  author    = {Daniel V. Bailey and
               Christof Paar},
  title     = {{Optimal Extension Fields for Fast Arithmetic in Public-Key Algorithms}},
  booktitle = {{Advances in Cryptology - {CRYPTO} '98, 18th Annual International Cryptology  Conference, Santa Barbara, California, USA, August 23-27, 1998, Proceedings}},
  pages     = {472--485},
  year      = {1998},
  publisher = {{Springer}},
  url       = {http://dx.doi.org/10.1007/BFb0055748},
  doi       = {10.1007/BFb0055748},
  timestamp = {Fri, 18 Sep 2009 12:06:07 +0200},
  biburl    = {http://dblp.uni-trier.de/rec/bib/conf/crypto/BaileyP98},
  bibsource = {dblp computer science bibliography, http://dblp.org}
}


@inproceedings{DBLP:conf/pkc/Bernstein06,
  author    = {Daniel J. Bernstein},
  title     = {{Curve25519: New Diffie-Hellman Speed Records}},
  booktitle = {{Public Key Cryptography - {PKC} 2006, 9th International Conference  on Theory and Practice of Public-Key Cryptography, New York, NY, USA,  April 24-26, 2006, Proceedings}},
  pages     = {207--228},
  year      = {2006},
  publisher = {{Springer}},
  url       = {http://dx.doi.org/10.1007/11745853_14},
  doi       = {10.1007/11745853_14},
  timestamp = {Thu, 20 Apr 2006 08:44:22 +0200},
  biburl    = {http://dblp.uni-trier.de/rec/bib/conf/pkc/Bernstein06},
  bibsource = {dblp computer science bibliography, http://dblp.org}
}


@article{DBLP:journals/joc/FaugereGHR14,
  author    = {Jean{-}Charles Faug{\`{e}}re and
               Pierrick Gaudry and
               Louise Huot and
               Gu{\&apos;{e}}na{\&quot;{e}}l Renault},
  title     = {{Using Symmetries in the Index Calculus for Elliptic Curves Discrete
               Logarithm}},
  journal   = {J. Cryptology},
  volume    = {27},
  number    = {4},
  pages     = {595--635},
  year      = {2014},
  url       = {http://dx.doi.org/10.1007/s00145-013-9158-5},
  doi       = {10.1007/s00145-013-9158-5},
  timestamp = {Wed, 03 Sep 2014 15:03:15 +0200},
  biburl    = {http://dblp.uni-trier.de/rec/bib/journals/joc/FaugereGHR14},
  bibsource = {dblp computer science bibliography, http://dblp.org}
}


@inproceedings{DBLP:conf/indocrypt/GalbraithG14,
  author    = {Steven D. Galbraith and
               Shishay W. Gebregiyorgis},
  title     = {{Summation Polynomial Algorithms for Elliptic Curves in Characteristic
               Two}},
  booktitle = {{Progress in Cryptology - {INDOCRYPT} 2014 - 15th International Conference  on Cryptology in India, New Delhi, India, December 14-17, 2014, Proceedings}},
  pages     = {409--427},
  year      = {2014},
  publisher = {{Springer}},
  url       = {http://dx.doi.org/10.1007/978-3-319-13039-2_24},
  doi       = {10.1007/978-3-319-13039-2_24},
  timestamp = {Mon, 03 Nov 2014 13:30:01 +0100},
  biburl    = {http://dblp.uni-trier.de/rec/bib/conf/indocrypt/GalbraithG14},
  bibsource = {dblp computer science bibliography, http://dblp.org}
}


@article{DBLP:journals/dcc/GalbraithG16,
  author    = {Steven D. Galbraith and
               Pierrick Gaudry},
  title     = {{Recent progress on the elliptic curve discrete logarithm problem}},
  journal   = {Des. Codes Cryptography},
  volume    = {78},
  number    = {1},
  pages     = {51--72},
  year      = {2016},
  url       = {http://dx.doi.org/10.1007/s10623-015-0146-7},
  doi       = {10.1007/s10623-015-0146-7},
  timestamp = {Wed, 13 Jan 2016 12:14:42 +0100},
  biburl    = {http://dblp.uni-trier.de/rec/bib/journals/dcc/GalbraithG16},
  bibsource = {dblp computer science bibliography, http://dblp.org}
}


@inproceedings{DBLP:conf/eurocrypt/FaugereHJRV14,
  author    = {Jean{-}Charles Faug{\`{e}}re and
               Louise Huot and
               Antoine Joux and
               Gu{\&apos;{e}}na{\&quot;{e}}l Renault and
               Vanessa Vitse},
  title     = {{Symmetrized Summation Polynomials: Using Small Order Torsion Points
               to Speed Up Elliptic Curve Index Calculus}},
  booktitle = {{Advances in Cryptology - {EUROCRYPT} 2014 - 33rd Annual International  Conference on the Theory and Applications of Cryptographic Techniques,  Copenhagen, Denmark, May 11-15, 2014. Proceedings}},
  pages     = {40--57},
  year      = {2014},
  publisher = {{Springer}},
  url       = {http://dx.doi.org/10.1007/978-3-642-55220-5_3},
  doi       = {10.1007/978-3-642-55220-5_3},
  timestamp = {Fri, 02 May 2014 13:38:39 +0200},
  biburl    = {http://dblp.uni-trier.de/rec/bib/conf/eurocrypt/FaugereHJRV14},
  bibsource = {dblp computer science bibliography, http://dblp.org}
}
